<record><leader>00000cas a22000007a 4500</leader><controlfield tag="001">17005609</controlfield><controlfield tag="008">871119d19021904iauwr ne      0    0eng d</controlfield><datafield ind1=" " ind2=" " tag="010"><subfield code="a">sn 87057904 </subfield></datafield><datafield ind1=" " ind2=" " tag="040"><subfield code="a">INP</subfield><subfield code="b">eng</subfield><subfield code="c">INP</subfield><subfield code="d">OCLCQ</subfield></datafield><datafield ind1=" " ind2=" " tag="042"><subfield code="a">msc</subfield></datafield><datafield ind1="0" ind2="4" tag="245"><subfield code="a">The Democrat era.</subfield></datafield><datafield ind1="1" ind2="3" tag="246"><subfield code="a">Ida Grove era</subfield></datafield><datafield ind1=" " ind2=" " tag="260"><subfield code="a">Ida Grove, Ida County, Iowa :</subfield><subfield code="b">Brown Bros.,</subfield><subfield code="c">1902-1904.</subfield></datafield><datafield ind1=" " ind2=" " tag="300"><subfield code="a">2 v.</subfield></datafield><datafield ind1=" " ind2=" " tag="310"><subfield code="a">Weekly</subfield></datafield><datafield ind1="0" ind2=" " tag="362"><subfield code="a">Vol. 26, no. 12 (Nov. 6, 1902)-v. 27, no. 27 (Mar. 3, 1904).</subfield></datafield><datafield ind1=" " ind2=" " tag="500"><subfield code="a">Issue for Nov. 6, 1902 also includes an erroneous publisher's statement from: Ida Grove era.</subfield></datafield><datafield ind1=" " ind2=" " tag="752"><subfield code="a">United States</subfield><subfield code="b">Iowa</subfield><subfield code="c">Ida</subfield><subfield code="d">Ida Grove.</subfield></datafield><datafield ind1="0" ind2="0" tag="780"><subfield code="t">Ida Grove era</subfield><subfield code="w">(DLC)sn 87057903</subfield></datafield><datafield ind1="0" ind2="7" tag="785"><subfield code="t">Ida record</subfield></datafield><datafield ind1="0" ind2="7" tag="785"><subfield code="t">Record-era</subfield><subfield code="w">(DLC)sn 87057905</subfield></datafield></record>